@misc{Paez2024,
  author    = {J. D. Páez and others},
  title     = {{FIRMA - Plataforma tecnológica de gestión de procesos judiciales}},
  howpublished = {Universidad Javeriana, Bogotá},
  year      = {2024},
  note      = {[En línea]. Disponible en: \url{http://hdl.handle.net/10554/68425}}
}

@misc{Rozo2024,
  author    = {N. Rozo},
  title     = {{Índice de Congestión de la Rama Judicial en Colombia (Sector Jurisdiccional)}},
  howpublished = {Corporación Excelencia en la Justicia},
  year      = {2024},
  month     = {7},
  note      = {[En línea]. Disponible en: \url{https://cej.org.co/indicadores-de-justicia/efectividad/indice-de-congestion-de-la-rama-judicial-en-colombia-sector-jurisdiccional/}. [Consultado: 08-abr-2025]}
}

@book{Botero2023,
  author    = {A. M. P. Botero},
  title     = {{Legal tech: aplicación de la tecnología en la práctica del derecho. Una mirada mundial y local}},
  publisher = {Universidad Externado de Colombia},
  address   = {Bogotá},
  year      = {2023}
}

@misc{Sierra2023,
  author    = {Y. Sierra},
  title     = {{Legaltech Colombia: avances y novedades}},
  howpublished = {Lemontech},
  year      = {2023},
  month     = {3},
  note      = {[En línea]. Disponible en: \url{https://blog.lemontech.com/legaltech-colombia/}. [Consultado: 09-abr-2025]}
}

@misc{OWASP2021,
  author    = {{OWASP Foundation}},
  title     = {{OWASP Top 10 - 2021: The Standard Awareness Document for Developers and Web Application Security}},
  year      = {2021},
  note      = {[En línea]. Disponible en: \url{https://owasp.org/Top10/}}
}

@article{OparaMartins2016,
  author    = {J. Opara-Martins and R. Sahandi and F. Tian},
  title     = {{Critical analysis of vendor lock-in and its impact on cloud computing migration: a business perspective}},
  journal   = {J. Cloud Comput. Adv. Syst. Appl.},
  volume    = {5},
  number    = {1},
  year      = {2016}
}

@inproceedings{OparaMartins2014,
  author    = {J. Opara-Martins and R. Sahandi and F. Tian},
  title     = {{Critical review of vendor lock-in and its impact on adoption of cloud computing}},
  booktitle = {International Conference on Information Society (i-Society 2014)},
  address   = {London, UK},
  year      = {2014},
  pages     = {92--97},
  doi       = {10.1109/i-Society.2014.7009018}
}

@mastersthesis{Harauzek2022,
  author    = {D. Harauzek},
  title     = {{Cloud Computing: Challenges of cloud computing from business users perspective - vendor lock-in}},
  school    = {Linnaeus University},
  year      = {2022}
}

@mastersthesis{BirrEngwall2024,
  author    = {M. Birr Engwall and A. Andersson},
  title     = {{Secure by design: From insecure to secure by design using domain primitives}},
  school    = {Jönköping University},
  year      = {2024}
}

@techreport{Mell2011,
  author    = {T. G. Peter Mell},
  title     = {{The NIST definition of cloud computing}},
  institution = {NIST},
  year      = {2011},
  month     = {9}
}

@misc{AWS2024,
  author    = {{AWS}},
  title     = {{AWS Well-Architected Framework}},
  howpublished = {Amazon.com},
  year      = {2024},
  month     = {6},
  note      = {[En línea]. Disponible en: \url{https://docs.aws.amazon.com/wellarchitected/latest/framework/welcome.html}. [Consultado: 30-abr-2025]}
}

@book{Gamma1994,
  author    = {E. Gamma and R. Helm and R. Johnson and J. Vlissides},
  title     = {{Design Patterns: Elements of Reusable Object-Oriented Software}},
  publisher = {Addison-Wesley},
  year      = {1994}
}

@book{Fowler2002,
  author    = {M. Fowler},
  title     = {{Patterns of Enterprise Application Architecture}},
  publisher = {Addison-Wesley},
  year      = {2002}
}

@book{Evans2003,
  author    = {E. Evans},
  title     = {{Domain-Driven Design: Tackling Complexity in the Heart of Software}},
  publisher = {Addison-Wesley},
  year      = {2003}
}

@book{Martin2008,
  author    = {R. C. Martin},
  title     = {{Clean Code: A Handbook of Agile Software Craftsmanship}},
  publisher = {Prentice Hall},
  year      = {2008}
}

@book{Bertalanffy1968,
  author    = {L. von Bertalanffy},
  title     = {{General System Theory: Foundations, Development, Applications}},
  publisher = {George Braziller},
  address   = {New York},
  year      = {1968}
}

@misc{Michael2021,
  author    = {J. Michael},
  title     = {{Migrating your Startup from Firebase to AWS}},
  howpublished = {AWS Startups Blog},
  year      = {2021},
  month     = {5}
}

@misc{Hall2017,
  author    = {A. Hall},
  title     = {{Migrating Users to Amazon Cognito User Pools}},
  howpublished = {AWS Frotend \& Mobile Blog},
  year      = {2017},
  month     = {9}
}

@misc{Shank2021,
  author    = {B. Shank},
  title     = {{README - Migration Constructs | Firebase}},
  howpublished = {GitHub},
  year      = {2021},
  month     = {4},
  note      = {[Online]. Disponible en: \url{https://github.com/shankben/firebase-migrator}}
}

@article{Kansara2024,
  author    = {M. Kansara},
  title     = {{Advancements in Cloud Database Migration: Current Innovations and Future Prospects for Scalable and Secure Transitions}},
  journal   = {SAGE science},
  year      = {2024},
  month     = {1}
}

@article{Kyadasu2025,
  author    = {R. Kyadasu and A. Byri and A. Joshi and O. Goel and L. Kumar and A. Jain},
  title     = {{DEVOPS PRACTICES FOR AUTOMATING CLOUD MIGRATION: A CASE STUDY ON AWS AND AZURE INTEGRATION}},
  journal   = {International Journal of Applied Mathematics \& Statistical Sciences},
  year      = {2025},
  month     = {3}
}

@misc{Colciencias2016,
  author    = {Colciencias},
  title     = {{Documento de Política Nacional de Ciencia, Tecnología e Innovación N° 1602: Actores del Sistema Nacional de Ciencia, Tecnología e Innovación}},
  year      = {2016}
}

@misc{ChavarriagaLIDIS,
  author    = {J. A. Chavarriaga L and H. F. Arboleda J},
  title     = {{LIDIS: Consideraciones para la Generación, Maduración y Aplicación de conocimiento en Ingeniería de Software}}
}

@misc{ChavarriagaModelo,
  author    = {J. A. Chavarriaga L and H. F. Arboleda J},
  title     = {{Modelo de investigación en ingeniería del software: Una propuesta de investigación tecnológica}}
}

@misc{AgileManifesto2001,
  author    = {K. Beck and others},
  title     = {{Manifesto for Agile Software Development}},
  year      = {2001},
  note      = {[Online]. Disponible en: \url{https://agilemanifesto.org}}
}

@misc{ScrumGuide2020,
  author    = {K. Schwaber and J. Sutherland},
  title     = {{The Scrum Guide}},
  year      = {2020},
  note      = {[Online]. Disponible en: \url{https://scrumguides.org}}
}

@book{Bass2015,
  author    = {L. Bass and I. Weber and L. Zhu},
  title     = {{DevOps: A Software Architect's Perspective}},
  publisher = {Addison-Wesley},
  address   = {Boston},
  year      = {2015}
}

@book{BoehmTurner2004,
  author    = {B. Boehm and R. Turner},
  title     = {{Balancing Agility and Discipline: A Guide for the Perplexed}},
  publisher = {Addison-Wesley},
  address   = {Boston},
  year      = {2004}
}

@misc{Univalle2010,
  author    = {Universidad del Valle, Escuela de Ingeniería de Sistemas y Computación},
  title     = {{Resolución 048}},
  address   = {Cali, Colombia},
  year      = {2010},
  month     = {4},
  note      = {Disponible en: \url{https://eisc.univalle.edu.co/index.php/programas-academicos/ingenieria-de-sistemas}}
}

@misc{MEN2010,
  author    = {Ministerio de Educación Nacional},
  title     = {{Decreto 1295 de 2010: Por el cual se reglamenta el registro calificado de que trata la Ley 1188 de 2008 y la oferta y desarrollo de programas académicos de educación superior}},
  year      = {2010},
  note      = {Disponible en: \url{https://www.suin-juriscol.gov.co/viewDocument.asp?ruta=Decretos/1261393}}
}

@misc{CSUnivalle2001,
  author    = {Consejo Superior, Universidad del Valle},
  title     = {{Resolución No. 022: Por la cual se definen criterios, políticas y mecanismos de Asignación Académica en la Universidad del Valle}},
  address   = {Cali, Colombia},
  year      = {2001},
  month     = {5},
  note      = {Disponible en: \url{https://eiee.univalle.edu.co/images/Resoluciones/CS-022.pdf}}
}